@ARTICLE{blase,
       author = {{Gully-Santiago}, M. and {Morley}, C. V.},
        title = "{An Interpretable Machine-learning Framework for Modeling High-resolution Spectroscopic Data}",
      journal = {\apj},
     keywords = {High resolution spectroscopy, Stellar spectral lines, Astronomy data modeling, GPU computing, Calibration, Radial velocity, Maximum likelihood estimation, Deconvolution, Stellar photospheres, Atomic spectroscopy, Brown dwarfs, Earth atmosphere, 2096, 1630, 1859, 1969, 2179, 1332, 1901, 1910, 1237, 2099, 185, 437, Astrophysics - Instrumentation and Methods for Astrophysics, Astrophysics - Solar and Stellar Astrophysics},
         year = 2022,
        month = dec,
       volume = {941},
       number = {2},
          eid = {200},
        pages = {200},
          doi = {10.3847/1538-4357/aca0a2},
archivePrefix = {arXiv},
       eprint = {2210.01827},
 primaryClass = {astro-ph.IM},
       adsurl = {https://ui.adsabs.harvard.edu/abs/2022ApJ...941..200G},
      adsnote = {Provided by the SAO/NASA Astrophysics Data System}
}
@ARTICLE{PHOENIX,
       author = {{Husser}, T. -O. and {Wende-von Berg}, S. and {Dreizler}, S. and {Homeier}, D. and {Reiners}, A. and {Barman}, T. and {Hauschildt}, P.~H.},
        title = "{A new extensive library of PHOENIX stellar atmospheres and synthetic spectra}",
      journal = {\aap},
     keywords = {stars: atmospheres, convection, stars: late-type, Astrophysics - Solar and Stellar Astrophysics},
         year = 2013,
        month = may,
       volume = {553},
          eid = {A6},
        pages = {A6},
          doi = {10.1051/0004-6361/201219058},
archivePrefix = {arXiv},
       eprint = {1303.5632},
 primaryClass = {astro-ph.SR},
       adsurl = {https://ui.adsabs.harvard.edu/abs/2013A&A...553A...6H},
      adsnote = {Provided by the SAO/NASA Astrophysics Data System}
}
@ARTICLE{APOGEE,
       author = {{Majewski}, Steven R. and {Schiavon}, Ricardo P. and {Frinchaboy}, Peter M. and {Allende Prieto}, Carlos and {Barkhouser}, Robert and {Bizyaev}, Dmitry and {Blank}, Basil and {Brunner}, Sophia and {Burton}, Adam and {Carrera}, Ricardo and {Chojnowski}, S. Drew and {Cunha}, K{\'a}tia and {Epstein}, Courtney and {Fitzgerald}, Greg and {Garc{\'\i}a P{\'e}rez}, Ana E. and {Hearty}, Fred R. and {Henderson}, Chuck and {Holtzman}, Jon A. and {Johnson}, Jennifer A. and {Lam}, Charles R. and {Lawler}, James E. and {Maseman}, Paul and {M{\'e}sz{\'a}ros}, Szabolcs and {Nelson}, Matthew and {Nguyen}, Duy Coung and {Nidever}, David L. and {Pinsonneault}, Marc and {Shetrone}, Matthew and {Smee}, Stephen and {Smith}, Verne V. and {Stolberg}, Todd and {Skrutskie}, Michael F. and {Walker}, Eric and {Wilson}, John C. and {Zasowski}, Gail and {Anders}, Friedrich and {Basu}, Sarbani and {Beland}, Stephane and {Blanton}, Michael R. and {Bovy}, Jo and {Brownstein}, Joel R. and {Carlberg}, Joleen and {Chaplin}, William and {Chiappini}, Cristina and {Eisenstein}, Daniel J. and {Elsworth}, Yvonne and {Feuillet}, Diane and {Fleming}, Scott W. and {Galbraith-Frew}, Jessica and {Garc{\'\i}a}, Rafael A. and {Garc{\'\i}a-Hern{\'a}ndez}, D. An{\'\i}bal and {Gillespie}, Bruce A. and {Girardi}, L{\'e}o and {Gunn}, James E. and {Hasselquist}, Sten and {Hayden}, Michael R. and {Hekker}, Saskia and {Ivans}, Inese and {Kinemuchi}, Karen and {Klaene}, Mark and {Mahadevan}, Suvrath and {Mathur}, Savita and {Mosser}, Beno{\^\i}t and {Muna}, Demitri and {Munn}, Jeffrey A. and {Nichol}, Robert C. and {O'Connell}, Robert W. and {Parejko}, John K. and {Robin}, A.~C. and {Rocha-Pinto}, Helio and {Schultheis}, Matthias and {Serenelli}, Aldo M. and {Shane}, Neville and {Silva Aguirre}, Victor and {Sobeck}, Jennifer S. and {Thompson}, Benjamin and {Troup}, Nicholas W. and {Weinberg}, David H. and {Zamora}, Olga},
        title = "{The Apache Point Observatory Galactic Evolution Experiment (APOGEE)}",
      journal = {\aj},
     keywords = {Galaxy: abundances, Galaxy: evolution, Galaxy: formation, Galaxy: kinematics and dynamics, Galaxy: stellar content, Galaxy: structure, Astrophysics - Instrumentation and Methods for Astrophysics, Astrophysics - Astrophysics of Galaxies},
         year = 2017,
        month = sep,
       volume = {154},
       number = {3},
          eid = {94},
        pages = {94},
          doi = {10.3847/1538-3881/aa784d},
archivePrefix = {arXiv},
       eprint = {1509.05420},
 primaryClass = {astro-ph.IM},
       adsurl = {https://ui.adsabs.harvard.edu/abs/2017AJ....154...94M},
      adsnote = {Provided by the SAO/NASA Astrophysics Data System}
}
@ARTICLE{ASPCAP,
       author = {{Garc{\'\i}a P{\'e}rez}, Ana E. and {Allende Prieto}, Carlos and {Holtzman}, Jon A. and {Shetrone}, Matthew and {M{\'e}sz{\'a}ros}, Szabolcs and {Bizyaev}, Dmitry and {Carrera}, Ricardo and {Cunha}, Katia and {Garc{\'\i}a-Hern{\'a}ndez}, D.~A. and {Johnson}, Jennifer A. and {Majewski}, Steven R. and {Nidever}, David L. and {Schiavon}, Ricardo P. and {Shane}, Neville and {Smith}, Verne V. and {Sobeck}, Jennifer and {Troup}, Nicholas and {Zamora}, Olga and {Weinberg}, David H. and {Bovy}, Jo and {Eisenstein}, Daniel J. and {Feuillet}, Diane and {Frinchaboy}, Peter M. and {Hayden}, Michael R. and {Hearty}, Fred R. and {Nguyen}, Duy C. and {O'Connell}, Robert W. and {Pinsonneault}, Marc H. and {Wilson}, John C. and {Zasowski}, Gail},
        title = "{ASPCAP: The APOGEE Stellar Parameter and Chemical Abundances Pipeline}",
      journal = {\aj},
     keywords = {Galaxy: center, Galaxy: structure, methods: data analysis, stars: abundances, stars: atmospheres, Astrophysics - Solar and Stellar Astrophysics},
         year = 2016,
        month = jun,
       volume = {151},
       number = {6},
          eid = {144},
        pages = {144},
          doi = {10.3847/0004-6256/151/6/144},
archivePrefix = {arXiv},
       eprint = {1510.07635},
 primaryClass = {astro-ph.SR},
       adsurl = {https://ui.adsabs.harvard.edu/abs/2016AJ....151..144G},
      adsnote = {Provided by the SAO/NASA Astrophysics Data System}
}
@ARTICLE{starfish,
       author = {{Czekala}, Ian and {Andrews}, Sean M. and {Mandel}, Kaisey S. and {Hogg}, David W. and {Green}, Gregory M.},
        title = "{Constructing a Flexible Likelihood Function for Spectroscopic Inference}",
      journal = {\apj},
     keywords = {methods: data analysis, methods: statistical, stars: fundamental parameters, stars: late-type, stars: statistics, techniques: spectroscopic, Astrophysics - Solar and Stellar Astrophysics, Astrophysics - Earth and Planetary Astrophysics, Astrophysics - Instrumentation and Methods for Astrophysics},
         year = 2015,
        month = oct,
       volume = {812},
       number = {2},
          eid = {128},
        pages = {128},
          doi = {10.1088/0004-637X/812/2/128},
archivePrefix = {arXiv},
       eprint = {1412.5177},
 primaryClass = {astro-ph.SR},
       adsurl = {https://ui.adsabs.harvard.edu/abs/2015ApJ...812..128C},
      adsnote = {Provided by the SAO/NASA Astrophysics Data System}
}
@ARTICLE{bobcat,
       author = {{Marley}, Mark S. and {Saumon}, Didier and {Visscher}, Channon and {Lupu}, Roxana and {Freedman}, Richard and {Morley}, Caroline and {Fortney}, Jonathan J. and {Seay}, Christopher and {Smith}, Adam J.~R.~W. and {Teal}, D.~J. and {Wang}, Ruoyan},
        title = "{The Sonora Brown Dwarf Atmosphere and Evolution Models. I. Model Description and Application to Cloudless Atmospheres in Rainout Chemical Equilibrium}",
      journal = {\apj},
     keywords = {Brown dwarfs, T dwarfs, L dwarfs, L subdwarfs, T subdwarfs, Y dwarfs, Stellar atmospheres, 185, 1679, 894, 896, 1680, 1827, 1584, Astrophysics - Solar and Stellar Astrophysics, Astrophysics - Earth and Planetary Astrophysics},
         year = 2021,
        month = oct,
       volume = {920},
       number = {2},
          eid = {85},
        pages = {85},
          doi = {10.3847/1538-4357/ac141d},
archivePrefix = {arXiv},
       eprint = {2107.07434},
 primaryClass = {astro-ph.SR},
       adsurl = {https://ui.adsabs.harvard.edu/abs/2021ApJ...920...85M},
      adsnote = {Provided by the SAO/NASA Astrophysics Data System}
}
@ARTICLE{cholla,
       author = {{Karalidi}, Theodora and {Marley}, Mark and {Fortney}, Jonathan J. and {Morley}, Caroline and {Saumon}, Didier and {Lupu}, Roxana and {Visscher}, Channon and {Freedman}, Richard},
        title = "{The Sonora Substellar Atmosphere Models. II. Cholla: A Grid of Cloud-free, Solar Metallicity Models in Chemical Disequilibrium for the JWST Era}",
      journal = {\apj},
     keywords = {185, 498, 2120, Astrophysics - Earth and Planetary Astrophysics, Astrophysics - Solar and Stellar Astrophysics},
         year = 2021,
        month = dec,
       volume = {923},
       number = {2},
          eid = {269},
        pages = {269},
          doi = {10.3847/1538-4357/ac3140},
archivePrefix = {arXiv},
       eprint = {2110.11824},
 primaryClass = {astro-ph.EP},
       adsurl = {https://ui.adsabs.harvard.edu/abs/2021ApJ...923..269K},
      adsnote = {Provided by the SAO/NASA Astrophysics Data System}
}
@ARTICLE{diamondback,
       author = {{Morley}, Caroline V. and {Mukherjee}, Sagnick and {Marley}, Mark S. and {Fortney}, Jonathan J. and {Visscher}, Channon and {Lupu}, Roxana and {Gharib-Nezhad}, Ehsan and {Thorngren}, Daniel and {Freedman}, Richard and {Batalha 7}, Natasha},
        title = "{The Sonora Substellar Atmosphere Models. III. Diamondback: Atmospheric Properties, Spectra, and Evolution for Warm Cloudy Substellar Objects}",
      journal = {arXiv e-prints},
     keywords = {Astrophysics - Solar and Stellar Astrophysics, Astrophysics - Earth and Planetary Astrophysics},
         year = 2024,
        month = feb,
          eid = {arXiv:2402.00758},
        pages = {arXiv:2402.00758},
          doi = {10.48550/arXiv.2402.00758},
archivePrefix = {arXiv},
       eprint = {2402.00758},
 primaryClass = {astro-ph.SR},
       adsurl = {https://ui.adsabs.harvard.edu/abs/2024arXiv240200758M},
      adsnote = {Provided by the SAO/NASA Astrophysics Data System}
}
@ARTICLE{elfowl,
       author = {{Mukherjee}, Sagnick and {Fortney}, Jonathan J. and {Morley}, Caroline V. and {Batalha}, Natasha E. and {Marley}, Mark S. and {Karalidi}, Theodora and {Visscher}, Channon and {Lupu}, Roxana and {Freedman}, Richard and {Gharib-Nezhad}, Ehsan},
        title = "{The Sonora Substellar Atmosphere Models. IV. Elf Owl: Atmospheric Mixing and Chemical Disequilibrium with Varying Metallicity and C/O Ratios}",
      journal = {arXiv e-prints},
     keywords = {Astrophysics - Earth and Planetary Astrophysics, Astrophysics - Solar and Stellar Astrophysics},
         year = 2024,
        month = feb,
          eid = {arXiv:2402.00756},
        pages = {arXiv:2402.00756},
          doi = {10.48550/arXiv.2402.00756},
archivePrefix = {arXiv},
       eprint = {2402.00756},
 primaryClass = {astro-ph.EP},
       adsurl = {https://ui.adsabs.harvard.edu/abs/2024arXiv240200756M},
      adsnote = {Provided by the SAO/NASA Astrophysics Data System}
}
@ARTICLE{scipy,
  author  = {Virtanen, Pauli and Gommers, Ralf and Oliphant, Travis E. and
            Haberland, Matt and Reddy, Tyler and Cournapeau, David and
            Burovski, Evgeni and Peterson, Pearu and Weckesser, Warren and
            Bright, Jonathan and {van der Walt}, St{\'e}fan J. and
            Brett, Matthew and Wilson, Joshua and Millman, K. Jarrod and
            Mayorov, Nikolay and Nelson, Andrew R. J. and Jones, Eric and
            Kern, Robert and Larson, Eric and Carey, C J and
            Polat, {\.I}lhan and Feng, Yu and Moore, Eric W. and
            {VanderPlas}, Jake and Laxalde, Denis and Perktold, Josef and
            Cimrman, Robert and Henriksen, Ian and Quintero, E. A. and
            Harris, Charles R. and Archibald, Anne M. and
            Ribeiro, Ant{\^o}nio H. and Pedregosa, Fabian and
            {van Mulbregt}, Paul and {SciPy 1.0 Contributors}},
  title   = {{{SciPy} 1.0: Fundamental Algorithms for Scientific
            Computing in Python}},
  journal = {Nature Methods},
  year    = {2020},
  volume  = {17},
  pages   = {261--272},
  adsurl  = {https://rdcu.be/b08Wh},
  doi     = {10.1038/s41592-019-0686-2},
}
@INPROCEEDINGS{HPF,
       author = {{Mahadevan}, Suvrath and {Ramsey}, Lawrence and {Bender}, Chad and {Terrien}, Ryan and {Wright}, Jason T. and {Halverson}, Sam and {Hearty}, Fred and {Nelson}, Matt and {Burton}, Adam and {Redman}, Stephen and {Osterman}, Steven and {Diddams}, Scott and {Kasting}, James and {Endl}, Michael and {Deshpande}, Rohit},
        title = "{The habitable-zone planet finder: a stabilized fiber-fed NIR spectrograph for the Hobby-Eberly Telescope}",
     keywords = {Astrophysics - Earth and Planetary Astrophysics, Astrophysics - Instrumentation and Methods for Astrophysics},
    booktitle = {Ground-based and Airborne Instrumentation for Astronomy IV},
         year = 2012,
       editor = {{McLean}, Ian S. and {Ramsay}, Suzanne K. and {Takami}, Hideki},
       series = {Society of Photo-Optical Instrumentation Engineers (SPIE) Conference Series},
       volume = {8446},
        month = sep,
          eid = {84461S},
        pages = {84461S},
          doi = {10.1117/12.926102},
archivePrefix = {arXiv},
       eprint = {1209.1686},
 primaryClass = {astro-ph.EP},
       adsurl = {https://ui.adsabs.harvard.edu/abs/2012SPIE.8446E..1SM},
      adsnote = {Provided by the SAO/NASA Astrophysics Data System}
}
@ARTICLE{gollum,
       author = {{Shankar}, Sujay and {Gully-Santiago}, Michael and {Morley}, Caroline and {Cao}, Jiayi and {Kaplan}, Kyle and {Kimani-Stewart}, Karina and {Gonzalez-Arg{\'u}eta}, Diana},
        title = "{<code>gollum</code>: An intuitive programmatic and visual interface for precomputed synthetic spectral model grids}",
      journal = {The Journal of Open Source Software},
     keywords = {astronomy, spectroscopy, stars, echelle, Jupyter Notebook, Python},
         year = 2024,
        month = aug,
       volume = {9},
       number = {100},
          eid = {6601},
        pages = {6601},
          doi = {10.21105/joss.06601},
       adsurl = {https://ui.adsabs.harvard.edu/abs/2024JOSS....9.6601S},
      adsnote = {Provided by the SAO/NASA Astrophysics Data System}
}
@MISC{adam,
      title={Adam: A Method for Stochastic Optimization}, 
      author={Diederik P. Kingma and Jimmy Ba},
      year={2017},
      eprint={1412.6980},
      archivePrefix={arXiv},
      primaryClass={cs.LG}
}
@article{pseudovoigt,
author = {Ida, T. and Ando, M. and Toraya, H.},
title = {Extended pseudo-Voigt function for approximating the Voigt profile},
journal = {Journal of Applied Crystallography},
volume = {33},
number = {6},
pages = {1311-1316},
doi = {https://doi.org/10.1107/S0021889800010219},
url = {https://onlinelibrary.wiley.com/doi/abs/10.1107/S0021889800010219},
eprint = {https://onlinelibrary.wiley.com/doi/pdf/10.1107/S0021889800010219},
abstract = {The formula of the pseudo-Voigt function expressed by a weighted sum of Gaussian and Lorentzian functions is extended by adding two other types of peak functions in order to improve the accuracy when approximating the Voigt profile. The full width at half-maximum (FWHM) values and mixing parameters of the Gaussian, the Lorentzian and the other two component functions in the extended formula can be approximated by polynomials of a parameter ρ = ΓL/(ΓG + ΓL), where ΓG and ΓL are the FWHM values of the deconvoluted Gaussian and Lorentzian functions, respectively. The maximum deviation of the extended pseudo-Voigt function from the Voigt profile is within 0.12\% relative to the peak height when sixth-order polynomial expansions are used. The systematic errors of the integrated intensity ΓG and ΓL, estimated by fitting the extended formula to Voigt profiles, are typically less than 1/10 of the errors arising from the application of the original formula of the pseudo-Voigt approximation proposed by Thompson et al. [J. Appl. Cryst. (1987), 20, 79–83], while the time required for computation of the extended formula is only about 2.5 relative to the computation time required for the original formula.},
year = {2000}
}
@misc{pytorch,
      title={PyTorch: An Imperative Style, High-Performance Deep Learning Library}, 
      author={Adam Paszke and Sam Gross and Francisco Massa and Adam Lerer and James Bradbury and Gregory Chanan and Trevor Killeen and Zeming Lin and Natalia Gimelshein and Luca Antiga and Alban Desmaison and Andreas Köpf and Edward Yang and Zach DeVito and Martin Raison and Alykhan Tejani and Sasank Chilamkurthy and Benoit Steiner and Lu Fang and Junjie Bai and Soumith Chintala},
      year={2019},
      eprint={1912.01703},
      archivePrefix={arXiv},
      primaryClass={cs.LG}
}
@software{skopt,
  author       = {Tim Head and
                  MechCoder and
                  Gilles Louppe and
                  Iaroslav Shcherbatyi and
                  fcharras and
                  Zé Vinícius and
                  cmmalone and
                  Christopher Schröder and
                  nel215 and
                  Nuno Campos and
                  Todd Young and
                  Stefano Cereda and
                  Thomas Fan and
                  rene-rex and
                  Kejia (KJ) Shi and
                  Justus Schwabedal and
                  carlosdanielcsantos and
                  Hvass-Labs and
                  Mikhail Pak and
                  SoManyUsernamesTaken and
                  Fred Callaway and
                  Loïc Estève and
                  Lilian Besson and
                  Mehdi Cherti and
                  Karlson Pfannschmidt and
                  Fabian Linzberger and
                  Christophe Cauet and
                  Anna Gut and
                  Andreas Mueller and
                  Alexander Fabisch},
  title        = {scikit-optimize/scikit-optimize: v0.5.2},
  month        = mar,
  year         = 2018,
  publisher    = {Zenodo},
  version      = {v0.5.2},
  doi          = {10.5281/zenodo.1207017},
  url          = {https://doi.org/10.5281/zenodo.1207017}
}
@book{python,
 author = {Van Rossum, Guido and Drake, Fred L.},
 title = {Python 3 Reference Manual},
 year = {2009},
 isbn = {1441412697},
 publisher = {CreateSpace},
 address = {Scotts Valley, CA}
}
@Article{numpy,
 title         = {Array programming with {NumPy}},
 author        = {Charles R. Harris and K. Jarrod Millman and St{\'{e}}fan J.
                 van der Walt and Ralf Gommers and Pauli Virtanen and David
                 Cournapeau and Eric Wieser and Julian Taylor and Sebastian
                 Berg and Nathaniel J. Smith and Robert Kern and Matti Picus
                 and Stephan Hoyer and Marten H. van Kerkwijk and Matthew
                 Brett and Allan Haldane and Jaime Fern{\'{a}}ndez del
                 R{\'{i}}o and Mark Wiebe and Pearu Peterson and Pierre
                 G{\'{e}}rard-Marchant and Kevin Sheppard and Tyler Reddy and
                 Warren Weckesser and Hameer Abbasi and Christoph Gohlke and
                 Travis E. Oliphant},
 year          = {2020},
 month         = sep,
 journal       = {Nature},
 volume        = {585},
 number        = {7825},
 pages         = {357--362},
 doi           = {10.1038/s41586-020-2649-2},
 publisher     = {Springer Science and Business Media {LLC}},
 url           = {https://doi.org/10.1038/s41586-020-2649-2}
}
@software{pandas1,
    author       = {The pandas development team},
    title        = {pandas-dev/pandas: Pandas},
    month        = feb,
    year         = 2020,
    publisher    = {Zenodo},
    version      = {latest},
    doi          = {10.5281/zenodo.3509134},
    url          = {https://doi.org/10.5281/zenodo.3509134}
}
@InProceedings{pandas2,
  author    = { {W}es {M}c{K}inney },
  title     = { {D}ata {S}tructures for {S}tatistical {C}omputing in {P}ython },
  booktitle = { {P}roceedings of the 9th {P}ython in {S}cience {C}onference },
  pages     = { 56 - 61 },
  year      = { 2010 },
  editor    = { {S}t\'efan van der {W}alt and {J}arrod {M}illman },
  doi       = { 10.25080/Majora-92bf1922-00a }
}
@article{tqdm,
        doi = {10.21105/joss.01277}, 
        url = {https://doi.org/10.21105/joss.01277}, 
        year = {2019}, 
        publisher = {The Open Journal}, 
        volume = {4}, 
        number = {37}, 
        pages = {1277}, 
        author = {Casper O. da Costa-Luis}, 
        title = {`tqdm`: A Fast, Extensible Progress Meter for Python and CLI}, 
        journal = {Journal of Open Source Software} 
}
@article{altair1,
    doi = {10.21105/joss.01057},
    url = {https://doi.org/10.21105/joss.01057},
    year = {2018},
    publisher = {The Open Journal},
    volume = {3},
    number = {32},
    pages = {1057},
    author = {Jacob VanderPlas and Brian Granger and Jeffrey Heer and Dominik Moritz and Kanit Wongsuphasawat and Arvind Satyanarayan and Eitan Lees and Ilia Timofeev and Ben Welsh and Scott Sievert},
    title = {Altair: Interactive Statistical Visualizations for Python},
    journal = {Journal of Open Source Software}
}
@article{altair2,
    author={Satyanarayan, Arvind and Moritz, Dominik and Wongsuphasawat, Kanit and Heer, Jeffrey},
    title={Vega-Lite: A Grammar of Interactive Graphics},
    journal={IEEE transactions on visualization and computer graphics},
    year={2017},
    volume={23},
    number={1},
    pages={341-350},
    publisher={IEEE}
}
@article{astropy1,
Adsnote = {Provided by the SAO/NASA Astrophysics Data System},
Adsurl = {http://adsabs.harvard.edu/abs/2013A%26A...558A..33A},
Archiveprefix = {arXiv},
Author = {{Astropy Collaboration} and {Robitaille}, T.~P. and {Tollerud}, E.~J. and {Greenfield}, P. and {Droettboom}, M. and {Bray}, E. and {Aldcroft}, T. and {Davis}, M. and {Ginsburg}, A. and {Price-Whelan}, A.~M. and {Kerzendorf}, W.~E. and {Conley}, A. and {Crighton}, N. and {Barbary}, K. and {Muna}, D. and {Ferguson}, H. and {Grollier}, F. and {Parikh}, M.~M. and {Nair}, P.~H. and {Unther}, H.~M. and {Deil}, C. and {Woillez}, J. and {Conseil}, S. and {Kramer}, R. and {Turner}, J.~E.~H. and {Singer}, L. and {Fox}, R. and {Weaver}, B.~A. and {Zabalza}, V. and {Edwards}, Z.~I. and {Azalee Bostroem}, K. and {Burke}, D.~J. and {Casey}, A.~R. and {Crawford}, S.~M. and {Dencheva}, N. and {Ely}, J. and {Jenness}, T. and {Labrie}, K. and {Lim}, P.~L. and {Pierfederici}, F. and {Pontzen}, A. and {Ptak}, A. and {Refsdal}, B. and {Servillat}, M. and {Streicher}, O.},
Doi = {10.1051/0004-6361/201322068},
Eid = {A33},
Eprint = {1307.6212},
Journal = {\aap},
Keywords = {methods: data analysis, methods: miscellaneous, virtual observatory tools},
Month = oct,
Pages = {A33},
Primaryclass = {astro-ph.IM},
Title = {{Astropy: A community Python package for astronomy}},
Volume = 558,
Year = 2013,
Bdsk-Url-1 = {https://dx.doi.org/10.1051/0004-6361/201322068}
}
@ARTICLE{astropy2,
       author = {{Astropy Collaboration} and {Price-Whelan}, A.~M. and
         {Sip{\H{o}}cz}, B.~M. and {G{\"u}nther}, H.~M. and {Lim}, P.~L. and
         {Crawford}, S.~M. and {Conseil}, S. and {Shupe}, D.~L. and
         {Craig}, M.~W. and {Dencheva}, N. and {Ginsburg}, A. and {Vand
        erPlas}, J.~T. and {Bradley}, L.~D. and {P{\'e}rez-Su{\'a}rez}, D. and
         {de Val-Borro}, M. and {Aldcroft}, T.~L. and {Cruz}, K.~L. and
         {Robitaille}, T.~P. and {Tollerud}, E.~J. and {Ardelean}, C. and
         {Babej}, T. and {Bach}, Y.~P. and {Bachetti}, M. and {Bakanov}, A.~V. and
         {Bamford}, S.~P. and {Barentsen}, G. and {Barmby}, P. and
         {Baumbach}, A. and {Berry}, K.~L. and {Biscani}, F. and {Boquien}, M. and
         {Bostroem}, K.~A. and {Bouma}, L.~G. and {Brammer}, G.~B. and
         {Bray}, E.~M. and {Breytenbach}, H. and {Buddelmeijer}, H. and
         {Burke}, D.~J. and {Calderone}, G. and {Cano Rodr{\'\i}guez}, J.~L. and
         {Cara}, M. and {Cardoso}, J.~V.~M. and {Cheedella}, S. and {Copin}, Y. and
         {Corrales}, L. and {Crichton}, D. and {D'Avella}, D. and {Deil}, C. and
         {Depagne}, {\'E}. and {Dietrich}, J.~P. and {Donath}, A. and
         {Droettboom}, M. and {Earl}, N. and {Erben}, T. and {Fabbro}, S. and
         {Ferreira}, L.~A. and {Finethy}, T. and {Fox}, R.~T. and
         {Garrison}, L.~H. and {Gibbons}, S.~L.~J. and {Goldstein}, D.~A. and
         {Gommers}, R. and {Greco}, J.~P. and {Greenfield}, P. and
         {Groener}, A.~M. and {Grollier}, F. and {Hagen}, A. and {Hirst}, P. and
         {Homeier}, D. and {Horton}, A.~J. and {Hosseinzadeh}, G. and {Hu}, L. and
         {Hunkeler}, J.~S. and {Ivezi{\'c}}, {\v{Z}}. and {Jain}, A. and
         {Jenness}, T. and {Kanarek}, G. and {Kendrew}, S. and {Kern}, N.~S. and
         {Kerzendorf}, W.~E. and {Khvalko}, A. and {King}, J. and {Kirkby}, D. and
         {Kulkarni}, A.~M. and {Kumar}, A. and {Lee}, A. and {Lenz}, D. and
         {Littlefair}, S.~P. and {Ma}, Z. and {Macleod}, D.~M. and
         {Mastropietro}, M. and {McCully}, C. and {Montagnac}, S. and
         {Morris}, B.~M. and {Mueller}, M. and {Mumford}, S.~J. and {Muna}, D. and
         {Murphy}, N.~A. and {Nelson}, S. and {Nguyen}, G.~H. and
         {Ninan}, J.~P. and {N{\"o}the}, M. and {Ogaz}, S. and {Oh}, S. and
         {Parejko}, J.~K. and {Parley}, N. and {Pascual}, S. and {Patil}, R. and
         {Patil}, A.~A. and {Plunkett}, A.~L. and {Prochaska}, J.~X. and
         {Rastogi}, T. and {Reddy Janga}, V. and {Sabater}, J. and
         {Sakurikar}, P. and {Seifert}, M. and {Sherbert}, L.~E. and
         {Sherwood-Taylor}, H. and {Shih}, A.~Y. and {Sick}, J. and
         {Silbiger}, M.~T. and {Singanamalla}, S. and {Singer}, L.~P. and
         {Sladen}, P.~H. and {Sooley}, K.~A. and {Sornarajah}, S. and
         {Streicher}, O. and {Teuben}, P. and {Thomas}, S.~W. and
         {Tremblay}, G.~R. and {Turner}, J.~E.~H. and {Terr{\'o}n}, V. and
         {van Kerkwijk}, M.~H. and {de la Vega}, A. and {Watkins}, L.~L. and
         {Weaver}, B.~A. and {Whitmore}, J.~B. and {Woillez}, J. and
         {Zabalza}, V. and {Astropy Contributors}},
        title = "{The Astropy Project: Building an Open-science Project and Status of the v2.0 Core Package}",
      journal = {\aj},
     keywords = {methods: data analysis, methods: miscellaneous, methods: statistical, reference systems, Astrophysics - Instrumentation and Methods for Astrophysics},
         year = 2018,
        month = sep,
       volume = {156},
       number = {3},
          eid = {123},
        pages = {123},
          doi = {10.3847/1538-3881/aabc4f},
archivePrefix = {arXiv},
       eprint = {1801.02634},
 primaryClass = {astro-ph.IM},
       adsurl = {https://ui.adsabs.harvard.edu/abs/2018AJ....156..123A},
      adsnote = {Provided by the SAO/NASA Astrophysics Data System}
}
@ARTICLE{astropy3,
       author = {{Astropy Collaboration} and {Price-Whelan}, Adrian M. and {Lim}, Pey Lian and {Earl}, Nicholas and {Starkman}, Nathaniel and {Bradley}, Larry and {Shupe}, David L. and {Patil}, Aarya A. and {Corrales}, Lia and {Brasseur}, C.~E. and {N{"o}the}, Maximilian and {Donath}, Axel and {Tollerud}, Erik and {Morris}, Brett M. and {Ginsburg}, Adam and {Vaher}, Eero and {Weaver}, Benjamin A. and {Tocknell}, James and {Jamieson}, William and {van Kerkwijk}, Marten H. and {Robitaille}, Thomas P. and {Merry}, Bruce and {Bachetti}, Matteo and {G{"u}nther}, H. Moritz and {Aldcroft}, Thomas L. and {Alvarado-Montes}, Jaime A. and {Archibald}, Anne M. and {B{'o}di}, Attila and {Bapat}, Shreyas and {Barentsen}, Geert and {Baz{'a}n}, Juanjo and {Biswas}, Manish and {Boquien}, M{'e}d{'e}ric and {Burke}, D.~J. and {Cara}, Daria and {Cara}, Mihai and {Conroy}, Kyle E. and {Conseil}, Simon and {Craig}, Matthew W. and {Cross}, Robert M. and {Cruz}, Kelle L. and {D'Eugenio}, Francesco and {Dencheva}, Nadia and {Devillepoix}, Hadrien A.~R. and {Dietrich}, J{"o}rg P. and {Eigenbrot}, Arthur Davis and {Erben}, Thomas and {Ferreira}, Leonardo and {Foreman-Mackey}, Daniel and {Fox}, Ryan and {Freij}, Nabil and {Garg}, Suyog and {Geda}, Robel and {Glattly}, Lauren and {Gondhalekar}, Yash and {Gordon}, Karl D. and {Grant}, David and {Greenfield}, Perry and {Groener}, Austen M. and {Guest}, Steve and {Gurovich}, Sebastian and {Handberg}, Rasmus and {Hart}, Akeem and {Hatfield-Dodds}, Zac and {Homeier}, Derek and {Hosseinzadeh}, Griffin and {Jenness}, Tim and {Jones}, Craig K. and {Joseph}, Prajwel and {Kalmbach}, J. Bryce and {Karamehmetoglu}, Emir and {Ka{l}uszy{'n}ski}, Miko{l}aj and {Kelley}, Michael S.~P. and {Kern}, Nicholas and {Kerzendorf}, Wolfgang E. and {Koch}, Eric W. and {Kulumani}, Shankar and {Lee}, Antony and {Ly}, Chun and {Ma}, Zhiyuan and {MacBride}, Conor and {Maljaars}, Jakob M. and {Muna}, Demitri and {Murphy}, N.~A. and {Norman}, Henrik and {O'Steen}, Richard and {Oman}, Kyle A. and {Pacifici}, Camilla and {Pascual}, Sergio and {Pascual-Granado}, J. and {Patil}, Rohit R. and {Perren}, Gabriel I. and {Pickering}, Timothy E. and {Rastogi}, Tanuj and {Roulston}, Benjamin R. and {Ryan}, Daniel F. and {Rykoff}, Eli S. and {Sabater}, Jose and {Sakurikar}, Parikshit and {Salgado}, Jes{'u}s and {Sanghi}, Aniket and {Saunders}, Nicholas and {Savchenko}, Volodymyr and {Schwardt}, Ludwig and {Seifert-Eckert}, Michael and {Shih}, Albert Y. and {Jain}, Anany Shrey and {Shukla}, Gyanendra and {Sick}, Jonathan and {Simpson}, Chris and {Singanamalla}, Sudheesh and {Singer}, Leo P. and {Singhal}, Jaladh and {Sinha}, Manodeep and {Sip{H{o}}cz}, Brigitta M. and {Spitler}, Lee R. and {Stansby}, David and {Streicher}, Ole and {{{S}}umak}, Jani and {Swinbank}, John D. and {Taranu}, Dan S. and {Tewary}, Nikita and {Tremblay}, Grant R. and {Val-Borro}, Miguel de and {Van Kooten}, Samuel J. and {Vasovi{'c}}, Zlatan and {Verma}, Shresth and {de Miranda Cardoso}, Jos{'e} Vin{'i}cius and {Williams}, Peter K.~G. and {Wilson}, Tom J. and {Winkel}, Benjamin and {Wood-Vasey}, W.~M. and {Xue}, Rui and {Yoachim}, Peter and {Zhang}, Chen and {Zonca}, Andrea and {Astropy Project Contributors}},
        title = "{The Astropy Project: Sustaining and Growing a Community-oriented Open-source Project and the Latest Major Release (v5.0) of the Core Package}",
      journal = {\apj},
     keywords = {Astronomy software, Open source software, Astronomy data analysis, 1855, 1866, 1858, Astrophysics - Instrumentation and Methods for Astrophysics},
         year = 2022,
        month = aug,
       volume = {935},
       number = {2},
          eid = {167},
        pages = {167},
          doi = {10.3847/1538-4357/ac7c74},
archivePrefix = {arXiv},
       eprint = {2206.14220},
 primaryClass = {astro-ph.IM},
       adsurl = {https://ui.adsabs.harvard.edu/abs/2022ApJ...935..167A},
      adsnote = {Provided by the SAO/NASA Astrophysics Data System}
}
@Article{mpl,
  Author    = {Hunter, J. D.},
  Title     = {Matplotlib: A 2D graphics environment},
  Journal   = {Computing in Science \& Engineering},
  Volume    = {9},
  Number    = {3},
  Pages     = {90--95},
  abstract  = {Matplotlib is a 2D graphics package used for Python for
  application development, interactive scripting, and publication-quality
  image generation across user interfaces and operating systems.},
  publisher = {IEEE COMPUTER SOC},
  doi       = {10.1109/MCSE.2007.55},
  year      = 2007
}
@INPROCEEDINGS{vegafusion,
  author={Kruchten, Nicolas and Mease, Jon and Moritz, Dominik},
  booktitle={2022 IEEE Visualization and Visual Analytics (VIS)},
  title={VegaFusion: Automatic Server-Side Scaling for Interactive Vega Visualizations},
  year={2022},
  volume={},
  number={},
  pages={11-15},
  doi={10.1109/VIS54862.2022.00011}
}
@misc{cuda,
  author={NVIDIA and Vingelmann, Péter and Fitzek, Frank H.P.},
  title={CUDA, release: 10.2.89},
  year={2020},
  url={https://developer.nvidia.com/cuda-toolkit},
}
@software{exojax,
       author = {{Kawahara}, Hajime and {Kawashima}, Yui and {Masuda}, Kento and {Crossfield}, Ian and {van den Bekerom}, Dirk and {Kitzmann}, Daniel and {Morris}, Brett and {Pannier}, Erwan and {Nugroho}, Stevanus and {Ishikawa}, Tako},
        title = "{ExoJAX: Spectrum modeling of exoplanets and brown dwarfs}",
 howpublished = {Astrophysics Source Code Library, record ascl:2206.003},
         year = 2022,
        month = jun,
          eid = {ascl:2206.003},
       adsurl = {https://ui.adsabs.harvard.edu/abs/2022ascl.soft06003K},
      adsnote = {Provided by the SAO/NASA Astrophysics Data System}
}
@article{wobble,
   title={<tt>WOBBLE</tt>: A Data-driven Analysis Technique for Time-series Stellar Spectra},
   volume={158},
   ISSN={1538-3881},
   url={http://dx.doi.org/10.3847/1538-3881/ab40a7},
   DOI={10.3847/1538-3881/ab40a7},
   number={4},
   journal={The Astronomical Journal},
   publisher={American Astronomical Society},
   author={Bedell, Megan and Hogg, David W. and Foreman-Mackey, Daniel and Montet, Benjamin T. and Luger, Rodrigo},
   year={2019},
   month=sep, pages={164} 
}
@software{jax,
  author = {James Bradbury and Roy Frostig and Peter Hawkins and Matthew James Johnson and Chris Leary and Dougal Maclaurin and George Necula and Adam Paszke and Jake Vander{P}las and Skye Wanderman-{M}ilne and Qiao Zhang},
  title = {{JAX}: composable transformations of {P}ython+{N}um{P}y programs},
  url = {http://github.com/google/jax},
  version = {0.3.13},
  year = {2018},
}
@ARTICLE{atlas,
       author = {{Kurucz}, Robert L.},
        title = "{ATLAS12, SYNTHE, ATLAS9, WIDTH9, et cetera}",
      journal = {Memorie della Societa Astronomica Italiana Supplementi},
     keywords = {Stars: atmospheres, Stars: abundances, Atmospheric effects, Atomic data, Molecular data, Techniques: spectroscopic},
         year = 2005,
        month = jan,
       volume = {8},
        pages = {14},
       adsurl = {https://ui.adsabs.harvard.edu/abs/2005MSAIS...8...14K},
      adsnote = {Provided by the SAO/NASA Astrophysics Data System}
}
@article{coolTLUSTY,
doi = {10.3847/1538-4357/acc8cb},
url = {https://dx.doi.org/10.3847/1538-4357/acc8cb},
year = {2023},
month = {jun},
publisher = {The American Astronomical Society},
volume = {950},
number = {1},
pages = {8},
author = {Brianna Lacy and Adam Burrows},
title = {Self-consistent Models of Y Dwarf Atmospheres with Water Clouds and Disequilibrium Chemistry},
journal = {The Astrophysical Journal},
}
@ARTICLE{pipeline1,
       author = {{L{\'o}pez-Valdivia}, Ricardo and {Mace}, Gregory N. and {Han}, Eunkyu and {Sawczynec}, Erica and {Hern{\'a}ndez}, Jes{\'u}s and {Prato}, L. and {Johns-Krull}, Christopher M. and {Oh}, Heeyoung and {Lee}, Jae-Joon and {Kraus}, Adam and {Llama}, Joe and {Jaffe}, Daniel T.},
        title = "{The IGRINS YSO Survey. III. Stellar Parameters of Pre-main-sequence Stars in Ophiuchus and Upper Scorpius}",
      journal = {\apj},
     keywords = {Fundamental parameters of stars, Infrared sources, Pre-main sequence stars, High resolution spectroscopy, 555, 793, 1290, 2096, Astrophysics - Solar and Stellar Astrophysics},
         year = 2023,
        month = jan,
       volume = {943},
       number = {1},
          eid = {49},
        pages = {49},
          doi = {10.3847/1538-4357/acab04},
archivePrefix = {arXiv},
       eprint = {2212.05198},
 primaryClass = {astro-ph.SR},
       adsurl = {https://ui.adsabs.harvard.edu/abs/2023ApJ...943...49L},
      adsnote = {Provided by the SAO/NASA Astrophysics Data System}
}
@ARTICLE{pipeline2,
       author = {{Rayner}, John T. and {Cushing}, Michael C. and {Vacca}, William D.},
        title = "{The Infrared Telescope Facility (IRTF) Spectral Library: Cool Stars}",
      journal = {\apjs},
     keywords = {atlases, infrared: stars, stars: AGB and post-AGB, stars: carbon, stars: fundamental parameters, stars: late-type, techniques: spectroscopic, Astrophysics - Solar and Stellar Astrophysics, Astrophysics - Astrophysics of Galaxies},
         year = 2009,
        month = dec,
       volume = {185},
       number = {2},
        pages = {289-432},
          doi = {10.1088/0067-0049/185/2/289},
archivePrefix = {arXiv},
       eprint = {0909.0818},
 primaryClass = {astro-ph.SR},
       adsurl = {https://ui.adsabs.harvard.edu/abs/2009ApJS..185..289R},
      adsnote = {Provided by the SAO/NASA Astrophysics Data System}
}
@Misc{NIST,
author = {A.~Kramida and {Yu.~Ralchenko} and
J.~Reader and {and NIST ASD Team}},
HOWPUBLISHED = {{NIST Atomic Spectra Database
(ver. 5.11), [Online]. Available:
{\tt{https://physics.nist.gov/asd}} [2024, June 12].
National Institute of Standards and Technology,
Gaithersburg, MD.}},
year = {2023},
}
@dataset{zenodo,
  author       = {Shankar, Sujay},
  title        = {blase II: PHOENIX Subset Clone Archive},
  month        = may,
  year         = 2024,
  publisher    = {Zenodo},
  version      = {0.0.1},
  doi          = {10.5281/zenodo.11246174},
  url          = {https://doi.org/10.5281/zenodo.11246174}
}
@ARTICLE{korg,
       author = {{Wheeler}, Adam J. and {Abruzzo}, Matthew W. and {Casey}, Andrew R. and {Ness}, Melissa K.},
        title = "{KORG: A Modern 1D LTE Spectral Synthesis Package}",
      journal = {\aj},
     keywords = {Spectroscopy, Astronomy software, 1558, 1855, Astrophysics - Solar and Stellar Astrophysics, Astrophysics - Instrumentation and Methods for Astrophysics},
         year = 2023,
        month = feb,
       volume = {165},
       number = {2},
          eid = {68},
        pages = {68},
          doi = {10.3847/1538-3881/acaaad},
archivePrefix = {arXiv},
       eprint = {2211.00029},
 primaryClass = {astro-ph.SR},
       adsurl = {https://ui.adsabs.harvard.edu/abs/2023AJ....165...68W},
      adsnote = {Provided by the SAO/NASA Astrophysics Data System}
}
@ARTICLE{foundation_transformer,
       author = {{Leung}, Henry W. and {Bovy}, Jo},
        title = "{Towards an astronomical foundation model for stars with a transformer-based model}",
      journal = {\mnras},
     keywords = {methods: data analysis, stars: fundamental parameters, Astrophysics - Instrumentation and Methods for Astrophysics, Astrophysics - Astrophysics of Galaxies, Astrophysics - Solar and Stellar Astrophysics},
         year = 2024,
        month = jan,
       volume = {527},
       number = {1},
        pages = {1494-1520},
          doi = {10.1093/mnras/stad3015},
archivePrefix = {arXiv},
       eprint = {2308.10944},
 primaryClass = {astro-ph.IM},
       adsurl = {https://ui.adsabs.harvard.edu/abs/2024MNRAS.527.1494L},
      adsnote = {Provided by the SAO/NASA Astrophysics Data System}
}
@ARTICLE{foundation_attention,
       author = {{R{\'o}{\.z}a{\'n}ski}, Tomasz and {Ting}, Yuan-Sen and {Jab{\l}o{\'n}ska}, Maja},
        title = "{Toward a Spectral Foundation Model: An Attention-Based Approach with Domain-Inspired Fine-Tuning and Wavelength Parameterization}",
      journal = {arXiv e-prints},
     keywords = {Astrophysics - Instrumentation and Methods for Astrophysics, Astrophysics - Astrophysics of Galaxies, Astrophysics - Solar and Stellar Astrophysics},
         year = 2023,
        month = jun,
          eid = {arXiv:2306.15703},
        pages = {arXiv:2306.15703},
          doi = {10.48550/arXiv.2306.15703},
archivePrefix = {arXiv},
       eprint = {2306.15703},
 primaryClass = {astro-ph.IM},
       adsurl = {https://ui.adsabs.harvard.edu/abs/2023arXiv230615703R},
      adsnote = {Provided by the SAO/NASA Astrophysics Data System}
}
@ARTICLE{lux,
       author = {{Horta}, Danny and {Price-Whelan}, Adrian M. and {Hogg}, David W. and {Ness}, Melissa K. and {Casey}, Andrew R.},
        title = "{$Lux$: A generative, multi-output, latent-variable model for astronomical data with noisy labels}",
      journal = {arXiv e-prints},
     keywords = {Astrophysics - Instrumentation and Methods for Astrophysics},
         year = 2025,
        month = feb,
          eid = {arXiv:2502.01745},
        pages = {arXiv:2502.01745},
archivePrefix = {arXiv},
       eprint = {2502.01745},
 primaryClass = {astro-ph.IM},
       adsurl = {https://ui.adsabs.harvard.edu/abs/2025arXiv250201745H},
      adsnote = {Provided by the SAO/NASA Astrophysics Data System}
}
@ARTICLE{leung2019,
       author = {{Leung}, Henry W. and {Bovy}, Jo},
        title = "{Deep learning of multi-element abundances from high-resolution spectroscopic data}",
      journal = {\mnras},
     keywords = {methods: data analysis, techniques: spectroscopic, stars: abundances, stars: fundamental parameters, Astrophysics - Astrophysics of Galaxies, Astrophysics - Instrumentation and Methods for Astrophysics},
         year = 2019,
        month = mar,
       volume = {483},
       number = {3},
        pages = {3255-3277},
          doi = {10.1093/mnras/sty3217},
archivePrefix = {arXiv},
       eprint = {1808.04428},
 primaryClass = {astro-ph.GA},
       adsurl = {https://ui.adsabs.harvard.edu/abs/2019MNRAS.483.3255L},
      adsnote = {Provided by the SAO/NASA Astrophysics Data System}
}
@ARTICLE{rains2024,
       author = {{Rains}, Adam D. and {Nordlander}, Thomas and {Monty}, Stephanie and {Casey}, Andrew R. and {Rojas-Ayala}, B{\'a}rbara and {{\v{Z}}erjal}, Maru{\v{s}}a and {Ireland}, Michael J. and {Casagrande}, Luca and {McKenzie}, Madeleine},
        title = "{Cool and data-driven: an exploration of optical cool dwarf chemistry with both data-driven and physical models}",
      journal = {\mnras},
     keywords = {methods: data analysis, techniques: spectroscopic, stars: fundamental parameters, stars: low-mass, Astrophysics - Solar and Stellar Astrophysics, Astrophysics - Earth and Planetary Astrophysics, Astrophysics - Astrophysics of Galaxies},
         year = 2024,
        month = apr,
       volume = {529},
       number = {4},
        pages = {3171-3196},
          doi = {10.1093/mnras/stae560},
archivePrefix = {arXiv},
       eprint = {2402.14639},
 primaryClass = {astro-ph.SR},
       adsurl = {https://ui.adsabs.harvard.edu/abs/2024MNRAS.529.3171R},
      adsnote = {Provided by the SAO/NASA Astrophysics Data System}
}
@article{turbospectrum,
   title={Non-LTE radiative transfer with Turbospectrum},
   volume={669},
   ISSN={1432-0746},
   url={http://dx.doi.org/10.1051/0004-6361/202243673},
   DOI={10.1051/0004-6361/202243673},
   journal={\aap},
   publisher={EDP Sciences},
   author={Gerber, Jeffrey M. and Magg, Ekaterina and Plez, Bertrand and Bergemann, Maria and Heiter, Ulrike and Olander, Terese and Hoppe, Richard},
   year={2023},
   month=jan, pages={A43} 
}
@article{minesweeper,
   title={MINESweeper: Spectrophotometric Modeling of Stars in the Gaia Era},
   volume={900},
   ISSN={1538-4357},
   url={http://dx.doi.org/10.3847/1538-4357/aba43b},
   DOI={10.3847/1538-4357/aba43b},
   number={1},
   journal={The Astrophysical Journal},
   publisher={American Astronomical Society},
   author={Cargile, Phillip A. and Conroy, Charlie and Johnson, Benjamin D. and Ting 丁, Yuan-Sen 源森 and Bonaca, Ana and Dotter, Aaron and Speagle, Joshua S.},
   year={2020},
   month=aug, pages={28}
}
